@book{Volden:2014,
  title={Legislative Effectiveness in the United States Congress: The Lawmakers},
  author={Volden, Craig and Wiseman, Alan E.},
  year={2014},
  publisher={Cambridge University Press}
}

@article{Groseclose:1998,
  author = {Groseclose, Tim and Stewart, Charles III},
  journal = {American Journal of Political Science},
  number = {2},
  pages = {453-474},
  title = {The Value of Committee Seats in the House, 1947-91},
  volume = {42},
  year = {1998}
}



@article{Zorn:2005,
  title={A Solution to Separation in Binary Response Models},
  author={Zorn, Christopher},
  journal={Political Analysis},
  volume={13},
  number={2},
  pages={157--170},
  year={2005},
  publisher={Cambridge University Press}
}

@Manual{Jackman:2015,
  title = {{pscl}: Classes and Methods for {R} Developed in the Political Science Computational Laboratory, Stanford University},
  author = {Simon Jackman},
  organization = {Department of Political Science, Stanford University},
  address = {Stanford, California},
  year = {2015},
  note = {R package version 1.4.9},
  url = {http://pscl.stanford.edu/},
}

@article{Imai:2016,
  title={Fast Estimation of Ideal Points with Massive Data},
  author={Imai, Kosuke and Lo, James and Olmsted, Jonathan},
  journal={American Political Science Review},
  volume={110},
  number={4},
  pages={631--656},
  year={2016},
  publisher={Cambridge University Press}
}



@Book{Theriault:2013,
  title =     {The Gingrich Senators: The Roots of Partisan Warfare in Congress},
  publisher = {Oxford University Press},
  year =      {2013},
  author =    {Theriault, Sean M.}
}

