@incollection{Aldrich:2000,
  author = {Aldrich, John H. and Rohde, David W.},
  title = {The Logic of Conditional Party Government: Revisiting the Electoral Connection},
  edition = {7th},
  year = {2001},
  booktitle = {Congress Reconsidered},
  editor = {Dodd, Lawrence C. and Oppenheimer, Bruce I.},
  pages = {269--92},
  address = {Washington, DC},
  publisher = {CQ Press}
}

@article{Canes-Wrone:2002,
  author = {Canes-Wrone, Brandice and Brady, David W. and Cogan, John F.},
  title = {Out of Step, Out of Office: Electoral Accountability and House Members' Voting},
  journal = {American Political Science Review},
  year = {2002},
  volume = {96},
  number = {1},
  pages = {127--140},
  month = {March}
}

@article{Carson:2010,
  author = {Carson, Jamie L. and Koger, Gregory and Lebo, Matthew J. and Young, Everett},
  title = {The Electoral Costs of Party Loyalty},
  journal = {American Journal of Political Science},
  year = {2010},
  volume = {54},
  number = {3},
  pages = {598--616},
  month = {July}
}

@book{DenHartog:2011,
  author = {Den Hartog, Chris and Monroe, Nathan W.},
  title = {Agenda Setting in the U.S. Senate: Costly Consideration and Majority Party Advantage},
  year = {2011},
  address = {New York},
  publisher = {Cambridge University Press}
}

@article{Gailmard:2007,
  author = {Gailmard, Sean and Jenkins, Jeffery A.},
  title = {Negative Agenda Control in the Senate and House: Fingerprints of Majority Party Power},
  journal = {Journal of Politics},
  year = {2007},
  volume = {69},
  number = {3},
  pages = {689--700}
}

@article{Krehbiel:1993,
  author = {Krehbiel, Keith},
  title = {Where's the Party?},
  journal = {British Journal of Political Science},
  year = {1993},
  volume = {23},
  number = {2},
  pages = {235--266}
}

@book{Lee:2009,
  title = {Beyond Ideology},
  publisher = {University of Chicago Press},
  year = {2009},
  author = {Lee, Frances E.},
  address = {Chicago}
}

@book{Lee:2016,
  title = {Insecure Majorities},
  publisher = {University of Chicago Press},
  year = {2016},
  author = {Lee, Frances E.},
  address = {Chicago}
}

@article{Levitt:1996,
  author = {Levitt, Steven},
  title = {How Do Senators Vote? Disentangling the Role of Voter Preferences, Party Affiliation, and Senator Ideology},
  journal = {American Economic Review},
  year = {1996},
  volume = {86},
  number = {3},
  pages = {425--441}
}

@article{Madonna:2011,
  author = {Madonna, Anthony J.},
  journal = {American Journal of Political Science},
  number = {2},
  pages = {276--288},
  title = {Winning Coalition Formation in the U.S. Senate: The Effects of Legislative Decision Rules and Agenda Change},
  volume = {55},
  year = {2011}
}

@article{Minozzi:2013,
  author = {Minozzi, William and Volden, Craig},
  title = {Who Heeds the Party Call in Congress?},
  journal = {Journal of Politics},
  year = {2013},
  volume = {75},
  number = {3},
  pages = {787--802}
}

@book{Monroe:2008,
  title = {Why Not Parties? Party Effects in the United States Senate},
  publisher = {The University of Chicago Press},
  address = {Chicago},
  year = {2008},
  editor = {Monroe, Nathan W. and Roberts, Jason M. and Rohde, David W.}
}

@article{Patty:2008,
  author = {Patty, John W.},
  title = {Equilibrium Party Government},
  journal = {American Journal of Political Science},
  year = {2008},
  volume = {52},
  number = {3},
  pages = {636--655}
}

@incollection{Sinclair:2017,
  author = {Sinclair, Barbara},
  title = {Patterns and Dynamics of Congressional Change},
  edition = {11th},
  year = {2017},
  booktitle = {Congress Reconsidered},
  editor = {Dodd, Lawrence C. and Oppenheimer, Bruce I.},
  pages = {1--28},
  address = {Washington, DC},
  publisher = {CQ Press}
}

@book{Smith:2007,
  author = {Smith, Steven S.},
  title = {Party Influence in Congress},
  year = {2007},
  address = {New York},
  publisher = {Cambridge University Press}
}

@book{Smith:2014,
  title = {The Senate Syndrome},
  publisher = {University of Oklahoma Press},
  year = {2014},
  author = {Smith, Steven S.},
  address = {Norman, OK}
}

@article{Snyder:2002,
  author = {Snyder, James M., Jr. and Ting, Michael M.},
  title = {An Informational Rationale for Political Parties},
  journal = {American Journal of Political Science},
  year = {2002},
  volume = {46},
  number = {1},
  pages = {90--110}
}

@book{Theriault:2013,
  title = {The Gingrich Senators},
  publisher = {Oxford University Press},
  year = {2013},
  author = {Theriault, Sean M.},
  address = {New York}
}

@article{Volden:2006,
  author = {Volden, Craig and Bergman, Elizabeth},
  title = {How Strong Should Our Party Be? Party Member Preferences Over Cohesion},
  journal = {Legislative Studies Quarterly},
  year = {2006},
  volume = {31},
  number = {1},
  pages = {71--104}
}

@book{Wawro:2013,
  title = {Filibuster: Obstruction and Lawmaking in the U.S. Senate},
  author = {Wawro, Gregory J. and Schickler, Eric},
  address = {Princeton, NJ},
  year = {2013},
  publisher = {Princeton University Press}
}

@article{Groseclose:1998,
  author = {Groseclose, Tim and Stewart, III, Charles},
  journal = {American Journal of Political Science},
  number = {2},
  pages = {453--474},
  title = {The Value of Committee Seats in the House, 1947-91},
  volume = {42},
  year = {1998}
}

@article{Imai:2016,
  title = {Fast Estimation of Ideal Points with Massive Data},
  author = {Imai, Kosuke and Lo, James and Olmsted, Jonathan},
  journal = {American Political Science Review},
  volume = {110},
  number = {4},
  pages = {631--656},
  year = {2016},
  publisher = {Cambridge University Press}
}

@Manual{Jackman:2015,
  title = {{pscl}: Classes and Methods for {R} Developed in the Political Science Computational Laboratory, Stanford University},
  author = {Simon Jackman},
  organization = {Department of Political Science, Stanford University},
  address = {Stanford, California},
  year = {2015},
  note = {R package version 1.4.9},
}

@article{Zorn:2005,
  title = {A Solution to Separation in Binary Response Models},
  author = {Zorn, Christopher},
  journal = {Political Analysis},
  volume = {13},
  number = {2},
  pages = {157--170},
  year = {2005},
  publisher = {Cambridge University Press}
}

@book{Volden:2014,
  title = {Legislative Effectiveness in the United States Congress: The Lawmakers},
  author = {Volden, Craig and Wiseman, Alan E.},
  year = {2014},
  publisher = {Cambridge University Press},
  address = {Cambridge}
}
